@book{ml_bishop,
	author = {Bishop, Christopher M.},
	title = {Pattern Recognition and Machine Learning (Information Science and Statistics)},
	year = {2006},
	isbn = {0387310738},
	publisher = {Springer-Verlag New York, Inc.},
	address = {Secaucus, NJ, USA},
} 

@book{ml_mohri,
	author = {Mohri, Mehryar and Rostamizadeh, Afshin and Talwalkar, Ameet},
	title = {Foundations of Machine Learning},
	year = {2012},
	isbn = {026201825X, 9780262018258},
	publisher = {The MIT Press},
} 

@incollection{zeiler2014visualizing,
	title={Visualizing and understanding convolutional networks},
	author={Zeiler, Matthew D and Fergus, Rob},
	booktitle={Computer Vision--ECCV 2014},
	pages={818--833},
	year={2014},
	publisher={Springer}
}

@inproceedings{nair2010rectified,
	title={Rectified linear units improve restricted boltzmann machines},
	author={Nair, Vinod and Hinton, Geoffrey E},
	booktitle={Proceedings of the 27th International Conference on Machine Learning (ICML-10)},
	pages={807--814},
	year={2010}
}

@inproceedings{krizhevsky2012imagenet,
	title={Imagenet classification with deep convolutional neural networks},
	author={Krizhevsky, Alex and Sutskever, Ilya and Hinton, Geoffrey E},
	booktitle={Advances in neural information processing systems},
	pages={1097--1105},
	year={2012}
}

@inproceedings{glorot2010understanding,
	title={Understanding the difficulty of training deep feedforward neural networks},
	author={Glorot, Xavier and Bengio, Yoshua},
	booktitle={International Conference on Artificial Intelligence and Statistics},
	pages={249--256},
	year={2010}
}

@inproceedings{martens2010deep,
	title={Deep learning via Hessian-free optimization},
	author={Martens, James},
	booktitle={Proceedings of the 27th International Conference on Machine Learning (ICML-10)},
	pages={735--742},
	year={2010}
}

@inproceedings{bousquet2008tradeoffs,
	title={The tradeoffs of large scale learning},
	author={Bousquet, Olivier and Bottou, L{\'e}on},
	booktitle={Advances in neural information processing systems},
	pages={161--168},
	year={2008}
}

@inproceedings{sutskever2013importance,
	title={On the importance of initialization and momentum in deep learning},
	author={Sutskever, Ilya and Martens, James and Dahl, George and Hinton, Geoffrey},
	booktitle={Proceedings of the 30th International Conference on Machine Learning (ICML-13)},
	pages={1139--1147},
	year={2013}
}

@inproceedings{ngiam2011optimization,
	title={On optimization methods for deep learning},
	author={Ngiam, Jiquan and Coates, Adam and Lahiri, Ahbik and Prochnow, Bobby and Le, Quoc V and Ng, Andrew Y},
	booktitle={Proceedings of the 28th International Conference on Machine Learning (ICML-11)},
	pages={265--272},
	year={2011}
}
